<?xml version="1.0" encoding="UTF-8"?>
  <record xmlns="http://www.loc.gov/MARC21/slim" type="Authority">
    <leader>00000nz  a2200000nc 4500</leader>
    <controlfield tag="001">12408950X</controlfield>
    <controlfield tag="003">DE-101</controlfield>
    <controlfield tag="005">20091119184015.0</controlfield>
    <controlfield tag="008">020920n||aznnnaabn           | aaa    |c</controlfield>
    <datafield tag="024" ind1="7" ind2=" ">
      <subfield code="a">12408950X</subfield>
      <subfield code="0">http://d-nb.info/gnd/12408950X</subfield>
      <subfield code="2">gnd</subfield>
    </datafield>
    <datafield tag="035" ind1=" " ind2=" ">
      <subfield code="a">(DE-101)12408950X</subfield>
    </datafield>
    <datafield tag="035" ind1=" " ind2=" ">
      <subfield code="a">(DE-588)12408950X</subfield>
    </datafield>
    <datafield tag="035" ind1=" " ind2=" ">
      <subfield code="z">(DE-588a)12408950X</subfield>
      <subfield code="9">v:zg</subfield>
    </datafield>
    <datafield tag="040" ind1=" " ind2=" ">
      <subfield code="a">DE-355</subfield>
      <subfield code="c">DE-355</subfield>
      <subfield code="9">r:DE-355</subfield>
      <subfield code="b">ger</subfield>
      <subfield code="d">0023</subfield>
    </datafield>
    <datafield tag="042" ind1=" " ind2=" ">
      <subfield code="a">gnd1</subfield>
    </datafield>
    <datafield tag="075" ind1=" " ind2=" ">
      <subfield code="b">p</subfield>
      <subfield code="2">gndgen</subfield>
    </datafield>
    <datafield tag="075" ind1=" " ind2=" ">
      <subfield code="b">piz</subfield>
      <subfield code="2">gndspec</subfield>
    </datafield>
    <datafield tag="079" ind1=" " ind2=" ">
      <subfield code="a">g</subfield>
      <subfield code="q">f</subfield>
    </datafield>
    <datafield tag="100" ind1="1" ind2=" ">
      <subfield code="a">Regal, Anna Barbara &#152;von&#156;</subfield>
      <subfield code="d">1652-1681</subfield>
    </datafield>
    <datafield tag="375" ind1=" " ind2=" ">
      <subfield code="a">2</subfield>
      <subfield code="2">iso5218</subfield>
    </datafield>
    <datafield tag="400" ind1="1" ind2=" ">
      <subfield code="a">Regall, Anna Barbara &#152;von&#156;</subfield>
      <subfield code="d">1652-1681</subfield>
    </datafield>
    <datafield tag="400" ind1="1" ind2=" ">
      <subfield code="a">Geyer von Osterburg, Anna Barbara</subfield>
      <subfield code="d">1652-1681</subfield>
      <subfield code="4">nafr</subfield>
      <subfield code="4">https://d-nb.info/standards/elementset/gnd#EarlierNameOfThePerson</subfield>
      <subfield code="w">r</subfield>
      <subfield code="i">Frueherer Name</subfield>
      <subfield code="e">Frueherer Name</subfield>
    </datafield>
    <datafield tag="400" ind1="1" ind2=" ">
      <subfield code="a">Geyer von Osterberg, Anna Barbara</subfield>
      <subfield code="d">1652-1681</subfield>
    </datafield>
    <datafield tag="400" ind1="1" ind2=" ">
      <subfield code="a">Geyerin von Osterberg, Anna Barbara</subfield>
      <subfield code="d">1652-1681</subfield>
    </datafield>
    <datafield tag="400" ind1="1" ind2=" ">
      <subfield code="a">Geyersberg und Osterburg, Anna Barbara &#152;von&#156;</subfield>
      <subfield code="d">1652-1681</subfield>
    </datafield>
    <datafield tag="400" ind1="1" ind2=" ">
      <subfield code="a">Geyersperg und Osterburg, Anna Barbara &#152;von&#156;</subfield>
      <subfield code="d">1652-1681</subfield>
    </datafield>
    <datafield tag="400" ind1="1" ind2=" ">
      <subfield code="a">Osterburg, Anna Barbara von Geyersberg &#152;und&#156;</subfield>
      <subfield code="d">1652-1681</subfield>
    </datafield>
    <datafield tag="400" ind1="1" ind2=" ">
      <subfield code="a">Osterburg, Anna Barbara von Geyersperg &#152;und&#156;</subfield>
      <subfield code="d">1652-1681</subfield>
    </datafield>
    <datafield tag="400" ind1="1" ind2=" ">
      <subfield code="a">Osterberg, Anna Barbara Geyer &#152;von&#156;</subfield>
      <subfield code="d">1652-1681</subfield>
    </datafield>
    <datafield tag="400" ind1="1" ind2=" ">
      <subfield code="a">Osterburg, Anna Barbara Geyer &#152;von&#156;</subfield>
      <subfield code="d">1652-1681</subfield>
    </datafield>
    <datafield tag="400" ind1="1" ind2=" ">
      <subfield code="a">Geyer, Anna Barbara</subfield>
      <subfield code="d">1652-1681</subfield>
    </datafield>
    <datafield tag="400" ind1="1" ind2=" ">
      <subfield code="a">Geyerin, Anna Barbara</subfield>
      <subfield code="d">1652-1681</subfield>
    </datafield>
    <datafield tag="500" ind1="1" ind2=" ">
      <subfield code="0">(DE-101)124742165</subfield>
      <subfield code="0">(DE-588)124742165</subfield>
      <subfield code="0">https://d-nb.info/gnd/124742165</subfield>
      <subfield code="a">Regal, Herwarth &#152;von&#156;</subfield>
      <subfield code="d">1640-1692</subfield>
      <subfield code="4">bezf</subfield>
      <subfield code="4">https://d-nb.info/standards/elementset/gnd#familialRelationship</subfield>
      <subfield code="w">r</subfield>
      <subfield code="i">Beziehung familiaer</subfield>
      <subfield code="e">Beziehung familiaer</subfield>
      <subfield code="9">v:Ehemann</subfield>
    </datafield>
    <datafield tag="500" ind1="1" ind2=" ">
      <subfield code="0">(DE-101)120079623</subfield>
      <subfield code="0">(DE-588)120079623</subfield>
      <subfield code="0">https://d-nb.info/gnd/120079623</subfield>
      <subfield code="a">Regal, Barbara Susanna Eleonora &#152;von&#156;</subfield>
      <subfield code="d">1668-1687</subfield>
      <subfield code="4">bezf</subfield>
      <subfield code="4">https://d-nb.info/standards/elementset/gnd#familialRelationship</subfield>
      <subfield code="w">r</subfield>
      <subfield code="i">Beziehung familiaer</subfield>
      <subfield code="e">Beziehung familiaer</subfield>
      <subfield code="9">v:Tochter</subfield>
    </datafield>
    <datafield tag="548" ind1=" " ind2=" ">
      <subfield code="a">1652-1681</subfield>
      <subfield code="4">datl</subfield>
      <subfield code="4">https://d-nb.info/standards/elementset/gnd#dateOfBirthAndDeath</subfield>
      <subfield code="w">r</subfield>
      <subfield code="i">Lebensdaten</subfield>
    </datafield>
    <datafield tag="670" ind1=" " ind2=" ">
      <subfield code="a">-Fürnrohr, Otto: Die Leichenpredigten der Kreisbibliothek Regensburg</subfield>
    </datafield>
    <datafield tag="672" ind1=" " ind2="0">
      <subfield code="a">Wohlgemeinter Glückwünschender Zuruff Als Der ... Herr Herbard, Freyherr von Regal/ Herr zu Crainsfeld ... mit der ... Anna Barbara Geyerin/ Frey- und Edlen Herrin von Osterberg ... zu Regenspurg Ihre Hochzeitliche Feyer begiengen. - 1667</subfield>
    </datafield>
    <datafield tag="678" ind1=" " ind2=" ">
      <subfield code="b">Ehefrau des österreich. Exulanten und Freiherrn Herwarth von Regal d.J.; Freiherrin</subfield>
    </datafield>
    <datafield tag="913" ind1=" " ind2=" ">
      <subfield code="S">pnd</subfield>
      <subfield code="i">a</subfield>
      <subfield code="a">Regal, Anna Barbara /von</subfield>
      <subfield code="0">(DE-588a)12408950X</subfield>
    </datafield>
  </record>
